001  0000094
005  20180718155353.545
008  170614s||||     bl|||||||||||||||||por|u
020    $a9788587478337
040    $aPorto Alegre$bpor
080    $2572(=414/=45)$a1997
090    $a572(=414/=45)$bN244c$cn.2
100 1  $aNascimento, Elisa Larkin  (coord.)
245 10 $aCultura em movimento$bmatrizes africanas e ativismo negro no Brasil$cElisa Larkin Nascimento (coord.)
260    $aSão Paulo$bSelo Negro$c2008
300    $a 307 p.
490 0  $aSankofa$v2
651    $aBrasil
